date, name, size, price_per_unit, price, details_page, kosher, local, organic, peanut_free, lactose_free, vegan, vegetarian, sku
"2023-03-27", "Maxwell House Ground Coffee Original Roast 925 g", "925g", "($1.40 per 100g)", "$12.99", "https://voila.ca/products/176916EA/details", "True", "False", "False", "False", "False", "False", "False", "176916EA"
"2023-03-27", "Balzac's Fairtrade Organic Farmers Blend Coffee Whole Bean 340 g", "340g", "($4.41 per 100g)", "$14.99", "https://voila.ca/products/708326EA/details", "False", "True", "True", "False", "False", "False", "False", "708326EA"
"2023-03-27", "Starbucks Ground Coffee True North Blend 340 g", "340g", "($3.23 per 100g)", "$10.99", "https://voila.ca/products/299508EA/details", "False", "False", "False", "False", "False", "False", "False", "299508EA"
"2023-03-27", "Compliments No 4 Cone Coffee Filters 150 EA", "150 per pack", "($0.03 per item)", "$4.69", "https://voila.ca/products/231866EA/details", "False", "False", "False", "False", "False", "False", "False", "231866EA"
"2023-03-27", "Silk Almond Coffee Creamer Vanilla 890 ml", "890ml", "($0.62 per 100ml)", "$5.49", "https://voila.ca/products/501945EA/details", "True", "False", "False", "True", "True", "True", "True", "501945EA"
"2023-03-27", "Tim Hortons Ground Coffee Fine Grind Original Blend 930 g", "930g", "($2.74 per 100g)", "$25.49", "https://voila.ca/products/280087EA/details", "False", "False", "False", "False", "False", "False", "False", "280087EA"
"2023-03-27", "Starbucks Ground Coffee Pike Place Roast 793 g", "793g", "($2.84 per 100g)", "$22.49", "https://voila.ca/products/952434EA/details", "False", "False", "False", "False", "False", "False", "False", "952434EA"
"2023-03-27", "Kicking Horse Organic Ground Coffee Three Sisters Medium Roast 284 g", "284g", "($4.93 per 100g)", "$13.99", "https://voila.ca/products/393235EA/details", "False", "False", "True", "False", "False", "False", "False", "393235EA"
"2023-03-27", "Muskoka Roastery Coffee Co Handcrafted Ground Coffee Loon Call Breakfast Blend 454 g", "454g", "($3.74 per 100g)", "$16.99", "https://voila.ca/products/323407EA/details", "False", "False", "False", "False", "False", "False", "False", "323407EA"
"2023-03-27", "Starbucks Ground Coffee True North Blend 793 g", "793g", "($2.84 per 100g)", "$22.49", "https://voila.ca/products/952431EA/details", "False", "False", "False", "False", "False", "False", "False", "952431EA"
"2023-03-27", "Lavazza Rossa Brick Roasted Ground Coffee 250 g", "250g", "($2.60 per 100g)", "$6.49", "https://voila.ca/products/525179EA/details", "False", "False", "False", "False", "False", "False", "False", "525179EA"
"2023-03-27", "Melitta Ground Coffee Premium Traditional Medium Roast 930 g", "930g", "($1.93 per 100g)", "$17.99", "https://voila.ca/products/279653EA/details", "False", "False", "False", "False", "False", "False", "False", "279653EA"
"2023-03-27", "Lavazza Ground Coffee Classico Medium Roast 340 g", "340g", "($3.82 per 100g)", "$12.99", "https://voila.ca/products/365202EA/details", "False", "False", "False", "False", "False", "False", "False", "365202EA"
"2023-03-27", "Kicking Horse Organic Ground Coffee Grizzly Claw Dark 284 g", "284g", "($4.93 per 100g)", "$13.99", "https://voila.ca/products/393238EA/details", "False", "False", "True", "False", "False", "False", "False", "393238EA"
"2023-03-27", "Starbucks Ground Coffee Pike Place Roast 340 g", "340g", "($3.23 per 100g)", "$10.99", "https://voila.ca/products/299507EA/details", "False", "False", "False", "False", "False", "False", "False", "299507EA"
"2023-03-27", "Starbucks Caffè Ground Coffee Verona Dark Roast Dark Cocoa & Burnt Sugar 793 g", "793g", "($2.84 per 100g)", "$22.49", "https://voila.ca/products/952436EA/details", "False", "False", "False", "False", "False", "False", "False", "952436EA"
"2023-03-27", "Tim Hortons Ground Coffee Fine Grind Original 300 g", "300g", "($3.66 per 100g)", "$10.99", "https://voila.ca/products/577424EA/details", "False", "False", "False", "False", "False", "False", "False", "577424EA"
"2023-03-27", "Tim Hortons Ground Coffee Fine Grind Dark Roast 875 g", "875g", "($2.91 per 100g)", "$25.49", "https://voila.ca/products/656274EA/details", "False", "False", "False", "False", "False", "False", "False", "656274EA"
"2023-03-27", "Nabob Ground Coffee Full City Dark Bold Roast 300 g", "300g", "($2.50 per 100g)", "$7.49", "https://voila.ca/products/679157EA/details", "False", "False", "False", "False", "False", "False", "False", "679157EA"
"2023-03-27", "Kicking Horse Organic Ground Coffee Kick Ass Dark Roast 284 g", "284g", "($4.93 per 100g)", "$13.99", "https://voila.ca/products/393240EA/details", "False", "False", "True", "False", "False", "False", "False", "393240EA"
"2023-03-27", "Muskoka Roastery Coffee Ground Coffee Maple 454 g", "454g", "($3.74 per 100g)", "$16.99", "https://voila.ca/products/323408EA/details", "False", "False", "False", "False", "False", "False", "False", "323408EA"
"2023-03-27", "Van Houtte Ground Coffee Medium Roast Colombian 340 g", "340g", "($3.76 per 100g)", "$12.79", "https://voila.ca/products/649771EA/details", "False", "False", "False", "False", "False", "False", "False", "649771EA"
"2023-03-27", "Lavazza Ground Coffee Gran Aroma Light Roast 340 g", "340g", "($3.82 per 100g)", "$12.99", "https://voila.ca/products/365199EA/details", "False", "False", "False", "False", "False", "False", "False", "365199EA"
"2023-03-27", "Van Houtte Ground Coffee Original House Blend 340 g", "340g", "($3.76 per 100g)", "$12.79", "https://voila.ca/products/649765EA/details", "False", "False", "False", "False", "False", "False", "False", "649765EA"
"2023-03-27", "Lavazza Ground Coffee Creama E Gusto Classico Roasted Brick 250 g", "250g", "($2.60 per 100g)", "$6.49", "https://voila.ca/products/525180EA/details", "False", "False", "False", "False", "False", "False", "False", "525180EA"
"2023-03-27", "Starbucks Ground Coffee Caffè Verona Dark Roast 340 g", "340g", "($3.23 per 100g)", "$10.99", "https://voila.ca/products/299504EA/details", "False", "False", "False", "False", "False", "False", "False", "299504EA"
"2023-03-27", "Maxwell House Ground Coffee Colombian 631 g", "631g", "($2.06 per 100g)", "$12.99", "https://voila.ca/products/544452EA/details", "True", "False", "False", "False", "False", "False", "False", "544452EA"
"2023-03-27", "Lavazza Ground Coffee Perfetto Dark & Roast 340 g", "340g", "($3.82 per 100g)", "$12.99", "https://voila.ca/products/365201EA/details", "False", "False", "False", "False", "False", "False", "False", "365201EA"
"2023-03-27", "Nabob Ground Coffee Breakfast Blend Medium Roast 300 g", "300g", "($2.50 per 100g)", "$7.49", "https://voila.ca/products/679133EA/details", "False", "False", "False", "False", "False", "False", "False", "679133EA"
"2023-03-27", "Nabob 1896 Ground Coffee Tradition Swiss Water Decaffeinated 300 g", "300g", "($2.50 per 100g)", "$7.49", "https://voila.ca/products/679117EA/details", "False", "False", "False", "False", "False", "False", "False", "679117EA"
"2023-03-27", "Starbucks Ground Coffee Natural Caramel Flavour 311 g", "311g", "($3.53 per 100g)", "$10.99", "https://voila.ca/products/379634EA/details", "False", "False", "False", "False", "False", "False", "False", "379634EA"
"2023-03-27", "Tim Hortons Fine Grind Colombian Dark Medium Roast 300 g", "300g", "($3.66 per 100g)", "$10.99", "https://voila.ca/products/675965EA/details", "False", "False", "False", "False", "False", "False", "False", "675965EA"
"2023-03-27", "Starbucks Coffee Breakfast Blend 340 g", "340g", "($3.23 per 100g)", "$10.99", "https://voila.ca/products/465070EA/details", "False", "False", "False", "False", "False", "False", "False", "465070EA"
"2023-03-27", "Starbucks Ground Coffee French Dark Roast 793 g", "793g", "($2.84 per 100g)", "$22.49", "https://voila.ca/products/522139EA/details", "False", "False", "False", "False", "False", "False", "False", "522139EA"
"2023-03-27", "Ethical Bean Organic Ground Coffee Superdark French Roast 227 g", "227g", "($6.38 per 100g)", "$14.49", "https://voila.ca/products/668364EA/details", "False", "False", "True", "False", "False", "False", "False", "668364EA"
"2023-03-27", "Nabob Ground Coffee Fine Grind Medium Roast 930 g", "930g", "($2.15 per 100g)", "$19.99", "https://voila.ca/products/14925EA/details", "False", "False", "False", "False", "False", "False", "False", "14925EA"
"2023-03-27", "Kicking Horse Organic Ground Coffee 454 Horse Power Dark 284 g", "284g", "($4.93 per 100g)", "$13.99", "https://voila.ca/products/393237EA/details", "False", "False", "True", "False", "False", "False", "False", "393237EA"
"2023-03-27", "Nabob 1896 Tradition Ground Coffee 300 g", "300g", "($2.50 per 100g)", "$7.49", "https://voila.ca/products/679111EA/details", "False", "False", "False", "False", "False", "False", "False", "679111EA"
"2023-03-27", "Starbucks Ground Coffee French Roast 340 g", "340g", "($3.23 per 100g)", "$10.99", "https://voila.ca/products/302633EA/details", "False", "False", "False", "False", "False", "False", "False", "302633EA"
"2023-03-27", "Folgers 1850 Ground Coffee Pioneer Blend Medium Roast 340 g", "340g", "($3.67 per 100g)", "$12.49", "https://voila.ca/products/411931EA/details", "False", "False", "False", "False", "False", "False", "False", "411931EA"
"2023-03-27", "Folgers 1850 Ground Coffee Midnight Gold Dark Roast 340 g", "340g", "($3.67 per 100g)", "$12.49", "https://voila.ca/products/411932EA/details", "False", "False", "False", "False", "False", "False", "False", "411932EA"
"2023-03-27", "Lavazza Ground Coffee Gran Selezione Dark Roast 340 g", "340g", "($3.82 per 100g)", "$12.99", "https://voila.ca/products/365217EA/details", "False", "False", "False", "False", "False", "False", "False", "365217EA"
"2023-03-27", "Ethical Bean Organic Decaf Dark Roast Ground Coffee 227 g", "227g", "($6.38 per 100g)", "$14.49", "https://voila.ca/products/340382EA/details", "False", "False", "True", "False", "False", "False", "False", "340382EA"
"2023-03-27", "Kicking Horse Organic Ground Coffee Smart Ass 284 g", "284g", "($4.93 per 100g)", "$13.99", "https://voila.ca/products/660384EA/details", "False", "False", "True", "False", "False", "False", "False", "660384EA"
"2023-03-27", "Muskoka Roastery Howling Wolf Medium Dark Ground Coffee 454 g", "454g", "($3.74 per 100g)", "$16.99", "https://voila.ca/products/629777EA/details", "False", "True", "False", "False", "False", "False", "False", "629777EA"
"2023-03-27", "Starbucks Ground Coffee House Blend 340 g", "340g", "($3.23 per 100g)", "$10.99", "https://voila.ca/products/299506EA/details", "False", "False", "False", "False", "False", "False", "False", "299506EA"
"2023-03-27", "Tim Hortons Ground Coffee Fine Grind Decaffeinated 300 g", "300g", "($3.66 per 100g)", "$10.99", "https://voila.ca/products/577427EA/details", "False", "False", "False", "False", "False", "False", "False", "577427EA"
"2023-03-27", "Ethical Bean Organic Ground Coffee Lush Medium Dark Roast 227 g", "227g", "($6.38 per 100g)", "$14.49", "https://voila.ca/products/340390EA/details", "False", "False", "True", "False", "False", "False", "False", "340390EA"
"2023-03-27", "Van Houtte Ground Coffee Light Roast Vanilla Hazelnut 340 g", "340g", "($3.76 per 100g)", "$12.79", "https://voila.ca/products/649745EA/details", "False", "False", "False", "False", "False", "False", "False", "649745EA"
"2023-03-27", "Starbucks Ground Coffee House Blend Medium Roast 793 g", "793g", "($2.84 per 100g)", "$22.49", "https://voila.ca/products/523066EA/details", "False", "False", "False", "False", "False", "False", "False", "523066EA"
"2023-03-27", "Van Houtte Ground Coffee Irish Cream Light Roast 340 g", "340g", "($3.76 per 100g)", "$12.79", "https://voila.ca/products/649769EA/details", "False", "False", "False", "False", "False", "False", "False", "649769EA"
"2023-03-27", "Tim Hortons Ground Coffee Fine Grind Dark Roast 300 g", "300g", "($3.66 per 100g)", "$10.99", "https://voila.ca/products/577417EA/details", "False", "False", "False", "False", "False", "False", "False", "577417EA"
"2023-03-27", "Maxwell House Ground Coffee Decaf 631 g", "631g", "($2.06 per 100g)", "$12.99", "https://voila.ca/products/360222EA/details", "False", "False", "False", "False", "False", "False", "False", "360222EA"
"2023-03-27", "Van Houtte Ground Coffee Dark Roast Colombian 340 g", "340g", "($3.76 per 100g)", "$12.79", "https://voila.ca/products/649753EA/details", "False", "False", "False", "False", "False", "False", "False", "649753EA"
"2023-03-27", "Van Houtte Ground Coffee Light Roast French Vanilla 340 g", "340g", "($3.76 per 100g)", "$12.79", "https://voila.ca/products/649737EA/details", "False", "False", "False", "False", "False", "False", "False", "649737EA"
"2023-03-27", "Folgers Ground Coffee French Vanilla 326 g", "326g", "($2.70 per 100g)", "$8.79", "https://voila.ca/products/212227EA/details", "False", "False", "False", "False", "False", "False", "False", "212227EA"
"2023-03-27", "Tim Hortons Fine Grind Hazelnut Medium Roast 300 g", "300g", "($3.66 per 100g)", "$10.99", "https://voila.ca/products/675970EA/details", "False", "False", "False", "False", "False", "False", "False", "675970EA"
"2023-03-27", "Nabob Sumatra Ground Coffee 300 g", "300g", "($2.50 per 100g)", "$7.49", "https://voila.ca/products/679119EA/details", "False", "False", "False", "False", "False", "False", "False", "679119EA"
"2023-03-27", "Ethical Bean Organic Ground Coffee Classic Medium Roast 227 g", "227g", "($6.38 per 100g)", "$14.49", "https://voila.ca/products/340384EA/details", "False", "False", "True", "False", "False", "False", "False", "340384EA"
"2023-03-27", "Tim Hortons Ground Coffee Coarse Grind Original 300 g", "300g", "($3.66 per 100g)", "$10.99", "https://voila.ca/products/642984EA/details", "False", "False", "False", "False", "False", "False", "False", "642984EA"
"2023-03-27", "Van Houtte Ground Coffee Decaffeinated Vanilla Hazelnut 340 g", "340g", "($3.76 per 100g)", "$12.79", "https://voila.ca/products/649774EA/details", "False", "False", "False", "False", "False", "False", "False", "649774EA"
"2023-03-27", "Nabob Bold Gastown Grind Ground Coffee 300 g", "300g", "($2.50 per 100g)", "$7.49", "https://voila.ca/products/679142EA/details", "False", "False", "False", "False", "False", "False", "False", "679142EA"
"2023-03-27", "Kicking Horse Organic Ground Coffee Hola Light 284 g", "284g", "($4.93 per 100g)", "$13.99", "https://voila.ca/products/660383EA/details", "False", "False", "True", "False", "False", "False", "False", "660383EA"
"2023-03-27", "Nabob Ground Coffee Bold Midnight Eclipse Dark Roast 300 g", "300g", "($2.50 per 100g)", "$7.49", "https://voila.ca/products/679136EA/details", "False", "False", "False", "False", "False", "False", "False", "679136EA"
"2023-03-27", "Starbucks Ground Coffee Sumatra 340 g", "340g", "($3.23 per 100g)", "$10.99", "https://voila.ca/products/465075EA/details", "False", "False", "False", "False", "False", "False", "False", "465075EA"
"2023-03-27", "Maxwell House Ground Coffee Original Roast 300 g", "300g", "($1.66 per 100g)", "$4.99", "https://voila.ca/products/544257EA/details", "True", "False", "False", "False", "False", "False", "False", "544257EA"
"2023-03-27", "Nabob Summit Ground Coffee 100% Colombian 300 g", "300g", "($2.50 per 100g)", "$7.49", "https://voila.ca/products/679130EA/details", "False", "False", "False", "False", "False", "False", "False", "679130EA"
"2023-03-27", "Tim Hortons Fine Grind French Vanilla Medium Roast 300 g", "300g", "($3.66 per 100g)", "$10.99", "https://voila.ca/products/675969EA/details", "False", "False", "False", "False", "False", "False", "False", "675969EA"
"2023-03-27", "Van Houtte Ground Coffee Light Roast Belgian Chocolate 340 g", "340g", "($3.76 per 100g)", "$12.79", "https://voila.ca/products/649728EA/details", "False", "False", "False", "False", "False", "False", "False", "649728EA"
"2023-03-27", "Maxwell House Ground Coffee Breakfast Blend 280 g", "280g", "($1.78 per 100g)", "$4.99", "https://voila.ca/products/544312EA/details", "True", "False", "False", "False", "False", "False", "False", "544312EA"
"2023-03-27", "Folgers Ground Coffee Hazelnut 326 g", "326g", "($2.70 per 100g)", "$8.79", "https://voila.ca/products/212224EA/details", "False", "False", "False", "False", "False", "False", "False", "212224EA"
"2023-03-27", "Tim Hortons Ground Coffee Columbian Fine Grind 640 g", "640g", "($3.98 per 100g)", "$25.49", "https://voila.ca/products/390181EA/details", "False", "False", "False", "False", "False", "False", "False", "390181EA"
"2023-03-27", "Maxwell House Ground Coffee Colombian 280 g", "280g", "($1.78 per 100g)", "$4.99", "https://voila.ca/products/544304EA/details", "True", "False", "False", "False", "False", "False", "False", "544304EA"
"2023-03-27", "Maxwell House Decaf Ground Coffee 280 g", "280g", "($1.78 per 100g)", "$4.99", "https://voila.ca/products/544261EA/details", "True", "False", "False", "False", "False", "False", "False", "544261EA"
"2023-03-27", "Bean Head Organic Specialty Ground Coffee 340 g", "340g", "($5.14 per 100g)", "$17.49", "https://voila.ca/products/673333EA/details", "False", "False", "True", "False", "False", "False", "False", "673333EA"
"2023-03-27", "Tim Hortons Ground Coffee Bold Roast Dark 300 g", "300g", "($3.66 per 100g)", "$10.99", "https://voila.ca/products/675968EA/details", "False", "False", "False", "False", "False", "False", "False", "675968EA"
"2023-03-27", "Caffe Mauro Coffee Beans Prestige Espresso 1 kg", "1kg", "($1.30 per 100g)", "$12.99", "https://voila.ca/products/552912EA/details", "False", "False", "False", "False", "False", "False", "False", "552912EA"
"2023-03-27", "Ethical Bean Organic Bold Dark Roast Ground Coffee 227 g", "227g", "($6.38 per 100g)", "$14.49", "https://voila.ca/products/340385EA/details", "False", "False", "True", "False", "False", "False", "False", "340385EA"
"2023-03-27", "Folgers Ground Coffee Classic Roast 816 g", "816g", "($1.90 per 100g)", "$15.49", "https://voila.ca/products/975037EA/details", "False", "False", "False", "False", "False", "False", "False", "975037EA"
"2023-03-27", "Folgers Ground Coffee Intensely Dark 641 g", "641g", "($2.42 per 100g)", "$15.49", "https://voila.ca/products/975048EA/details", "False", "False", "False", "False", "False", "False", "False", "975048EA"
"2023-03-27", "Najjar Plain Coffee 450 g", "450g", "($2.73 per 100g)", "$12.29", "https://voila.ca/products/362580EA/details", "False", "False", "False", "False", "False", "False", "False", "362580EA"
"2023-03-27", "Najjar Coffee With Ground Cardamom 450 g", "450g", "($2.73 per 100g)", "$12.29", "https://voila.ca/products/362581EA/details", "False", "False", "False", "False", "False", "False", "False", "362581EA"
"2023-03-27", "Folgers Ground Coffee Mountain Roast 865 g", "865g", "($1.79 per 100g)", "$15.49", "https://voila.ca/products/975173EA/details", "False", "False", "False", "False", "False", "False", "False", "975173EA"
"2023-03-27", "Folgers Ground Coffee Black Silk 641 g", "641g", "($2.42 per 100g)", "$15.49", "https://voila.ca/products/975045EA/details", "False", "False", "False", "False", "False", "False", "False", "975045EA"
"2023-03-27", "Alameed Medium Coffee With Cardamom 226 g", "226g", "($2.87 per 100g)", "$6.49", "https://voila.ca/products/679037EA/details", "False", "False", "False", "False", "False", "False", "False", "679037EA"
"2023-03-27", "Folgers Ground Coffee Classic Decaf 544 g", "544g", "($2.85 per 100g)", "$15.49", "https://voila.ca/products/975039EA/details", "False", "False", "False", "False", "False", "False", "False", "975039EA"
"2023-03-27", "Alameed Dark Coffee With Cardamom 226 g", "226g", "($2.87 per 100g)", "$6.49", "https://voila.ca/products/812033EA/details", "False", "False", "False", "False", "False", "False", "False", "812033EA"
"2023-03-27", "Tim Hortons Ground Coffee Espresso Roast Dark 300 g", "300g", "($3.66 per 100g)", "$10.99", "https://voila.ca/products/936109EA/details", "False", "False", "False", "False", "False", "False", "False", "936109EA"
"2023-03-27", "Folgers Ground Coffee 100% Colombian 272 g", "272g", "($3.23 per 100g)", "$8.79", "https://voila.ca/products/975042EA/details", "False", "False", "False", "False", "False", "False", "False", "975042EA"
"2023-03-27", "Folgers Ground Coffee Classic Roast 272 g", "272g", "($3.23 per 100g)", "$8.79", "https://voila.ca/products/975054EA/details", "False", "False", "False", "False", "False", "False", "False", "975054EA"
"2023-03-27", "McCafé Ground Coffee Rainforest Medium Dark Roast 950 g", "950g", "($2.42 per 100g)", "$22.99", "https://voila.ca/products/505970EA/details", "True", "False", "False", "False", "False", "False", "False", "505970EA"
"2023-03-27", "McCafé Ground Coffee Premium Medium Roast 340 g", "340g", "($3.53 per 100g)", "$11.99", "https://voila.ca/products/505975EA/details", "True", "False", "False", "False", "False", "False", "False", "505975EA"
"2023-03-27", "McCafé Decaffeinated Ground Coffee Premium Roast 340 g", "340g", "($3.53 per 100g)", "$11.99", "https://voila.ca/products/505976EA/details", "False", "False", "False", "False", "False", "False", "False", "505976EA"
"2023-03-27", "Starbucks Espresso Roast Ground Coffee Dark Roast 340 g", "340g", "($3.23 per 100g)", "$10.99", "https://voila.ca/products/716917EA/details", "False", "False", "False", "False", "False", "False", "False", "716917EA"
"2023-03-27", "Starbucks Ground Coffee Italian Roast Dark 340 g", "340g", "($3.23 per 100g)", "$10.99", "https://voila.ca/products/413372EA/details", "False", "False", "False", "False", "False", "False", "False", "413372EA"
"2023-03-27", "Georgian Bay Coffee Grind Coffee Medium Roast 340 g", "340g", "($4.11 per 100g)", "$13.99", "https://voila.ca/products/973333EA/details", "False", "False", "False", "False", "False", "False", "False", "973333EA"
"2023-03-27", "Georgian Bay Coffee Blend Coffee Blue Mountain 340 g", "340g", "($4.11 per 100g)", "$13.99", "https://voila.ca/products/973350EA/details", "False", "False", "False", "False", "False", "False", "False", "973350EA"
"2023-03-27", "Georgian Bay Coffee Grind Coffee Dark Roast 340 g", "340g", "($4.11 per 100g)", "$13.99", "https://voila.ca/products/973345EA/details", "False", "False", "False", "False", "False", "False", "False", "973345EA"
"2023-03-27", "Georgian Bay Coffee Ground Coffee Hint Of Maple 340 g", "340g", "($4.11 per 100g)", "$13.99", "https://voila.ca/products/973347EA/details", "False", "False", "False", "False", "False", "False", "False", "973347EA"
"2023-03-27", "Starbucks Ground Coffee Winter Blend 283 g", "283g", "($3.88 per 100g)", "$10.99", "https://voila.ca/products/421101EA/details", "False", "False", "False", "False", "False", "False", "False", "421101EA"
"2023-03-27", "Folgers Ground Coffee Blonde Silk 641 g", "641g", "($2.42 per 100g)", "$15.49", "https://voila.ca/products/974494EA/details", "False", "False", "False", "False", "False", "False", "False", "974494EA"
"2023-03-27", "Starbucks Decaf House Blend Coffee 340 g", "340g", "($3.23 per 100g)", "$10.99", "https://voila.ca/products/341633EA/details", "False", "False", "False", "False", "False", "False", "False", "341633EA"
"2023-03-27", "Alameed Medium Coffee No Cardamom 226 g", "226g", "($2.87 per 100g)", "$6.49", "https://voila.ca/products/812034EA/details", "False", "False", "False", "False", "False", "False", "False", "812034EA"
"2023-03-27", "Compliments Coffee Blend Bold Dark 875 g", "875g", "($1.83 per 100g)", "$15.99", "https://voila.ca/products/589811EA/details", "False", "False", "False", "False", "False", "False", "False", "589811EA"
"2023-03-27", "Compliments Ground Coffee Breakfast Blend 930 g", "930g", "($1.72 per 100g)", "$15.99", "https://voila.ca/products/589683EA/details", "True", "False", "False", "False", "False", "False", "False", "589683EA"
"2023-03-27", "Compliments Ground Coffee Breakfast Blend 300 g", "300g", "($2.66 per 100g)", "$7.99", "https://voila.ca/products/589887EA/details", "True", "False", "False", "False", "False", "False", "False", "589887EA"
"2023-03-27", "Compliments Ground Coffee Winter Blend 300 g", "300g", "($2.33 per 100g)", "$6.99", "https://voila.ca/products/803558EA/details", "False", "False", "False", "False", "False", "False", "False", "803558EA"
"2023-03-27", "Compliments Coffee Bold Blend 300 g", "300g", "($2.66 per 100g)", "$7.99", "https://voila.ca/products/589851EA/details", "True", "False", "False", "False", "False", "False", "False", "589851EA"
"2023-03-27", "Just Us! Organic Ground Coffee French Roast 340 g", "340g", "($4.26 per 100g)", "$14.49", "https://voila.ca/products/450536EA/details", "False", "False", "False", "False", "False", "False", "False", "450536EA"
"2023-03-27", "Lavazza Organic Ground Coffee Itierra Amazonia Medium 300 g", "300g", "($4.60 per 100g)", "$13.79", "https://voila.ca/products/805555EA/details", "False", "False", "True", "False", "False", "False", "False", "805555EA"
"2023-03-27", "Just Us! Organic Ground Coffee Italian 907 g", "907g", "($3.25 per 100g)", "$29.49", "https://voila.ca/products/438238EA/details", "False", "False", "True", "False", "False", "False", "False", "438238EA"
"2023-03-27", "Best Buy Ground Coffee Dark Roast 925 g", "925g", "($0.86 per 100g)", "$7.99", "https://voila.ca/products/521211EA/details", "True", "False", "False", "False", "False", "False", "False", "521211EA"
"2023-03-27", "Just Us! Organic Ground Coffee Tierra Madre Mexican 340 g", "340g", "($4.26 per 100g)", "$14.49", "https://voila.ca/products/450522EA/details", "False", "False", "False", "False", "False", "False", "False", "450522EA"
"2023-03-27", "Best Buy Ground Coffee Medium Roast 925 g", "925g", "($0.86 per 100g)", "$7.99", "https://voila.ca/products/521203EA/details", "True", "False", "False", "False", "False", "False", "False", "521203EA"
"2023-03-27", "Kraft Café Ground Coffee Barista Chocolate Hazelnut 340 g", "340g", "($3.23 per 100g)", "$10.99", "https://voila.ca/products/991009EA/details", "False", "False", "False", "False", "False", "False", "False", "991009EA"
"2023-03-27", "Kraft Café Ground Coffee Barista Salted Caramel 340 g", "340g", "($3.23 per 100g)", "$10.99", "https://voila.ca/products/989584EA/details", "False", "False", "False", "False", "False", "False", "False", "989584EA"
"2023-03-27", "Just Us! Organic Ground Coffee Italian Roast 340 g", "340g", "($4.26 per 100g)", "$14.49", "https://voila.ca/products/450541EA/details", "False", "False", "True", "False", "False", "False", "False", "450541EA"
"2023-03-27", "Just Us! Organic Ground Coffee Colombian 340 g", "340g", "($4.26 per 100g)", "$14.49", "https://voila.ca/products/450531EA/details", "False", "False", "True", "False", "False", "False", "False", "450531EA"
"2023-03-27", "Kicking Horse Ground Coffee Lucky Jim Medium 284 g", "284g", "($4.93 per 100g)", "$13.99", "https://voila.ca/products/785268EA/details", "False", "False", "False", "False", "False", "False", "False", "785268EA"
"2023-03-27", "Just Us! Ground Coffee Dark Jungle Blend 340 g", "340g", "($4.26 per 100g)", "$14.49", "https://voila.ca/products/450521EA/details", "False", "False", "False", "False", "False", "False", "False", "450521EA"
"2023-03-27", "Just Us! Organic Ground Coffee French Roast 907 g", "907g", "($3.25 per 100g)", "$29.49", "https://voila.ca/products/438244EA/details", "False", "False", "True", "False", "False", "False", "False", "438244EA"
"2023-03-27", "Van Houtte Light Roast Ground Coffee Armaretto 340 g", "340g", "($3.76 per 100g)", "$12.79", "https://voila.ca/products/681124EA/details", "False", "False", "False", "False", "False", "False", "False", "681124EA"
"2023-03-27", "Just Us! Organic Ground Coffee Rise Again 340 g", "340g", "($4.26 per 100g)", "$14.49", "https://voila.ca/products/450544EA/details", "False", "False", "False", "False", "False", "False", "False", "450544EA"
"2023-03-27", "Maxwell House Ground Coffee Rich Dark Roast 900 g", "900g", "($1.44 per 100g)", "$12.99", "https://voila.ca/products/978362EA/details", "False", "False", "False", "False", "False", "False", "False", "978362EA"
"2023-03-27", "Maxwell House Ground Coffee Rich Breakfast Blend 900 g", "900g", "($1.44 per 100g)", "$12.99", "https://voila.ca/products/978363EA/details", "False", "False", "False", "False", "False", "False", "False", "978363EA"
"2023-03-27", "Van Houtte Ground Coffee Colombian Medium Roast 908 g", "908g", "($2.59 per 100g)", "$23.49", "https://voila.ca/products/281463EA/details", "False", "False", "False", "False", "False", "False", "False", "281463EA"
"2023-03-27", "McCafé Organic High Grown Ground Coffee Dark Roast 300 g", "300g", "($4.66 per 100g)", "$13.99", "https://voila.ca/products/977487EA/details", "False", "False", "True", "False", "False", "False", "False", "977487EA"
"2023-03-27", "Tim Hortons Ground Coffee Maple Medium Roast 300 g", "300g", "($3.66 per 100g)", "$10.99", "https://voila.ca/products/855648EA/details", "False", "False", "False", "False", "False", "False", "False", "855648EA"
"2023-03-27", "LaVazza Organic Ground Coffee Tierra Mild & Fruity 300 g", "300g", "($4.60 per 100g)", "$13.79", "https://voila.ca/products/805615EA/details", "False", "False", "True", "False", "False", "False", "False", "805615EA"
"2023-03-27", "Van Houtte Ground Coffee Dulce Leche Light Roast 340 g", "340g", "($3.76 per 100g)", "$12.79", "https://voila.ca/products/968423EA/details", "False", "False", "False", "False", "False", "False", "False", "968423EA"
"2023-03-27", "Tim Hortons Ground Coffee Decaf Roast Medium 640 g", "640g", "($3.98 per 100g)", "$25.49", "https://voila.ca/products/955652EA/details", "False", "False", "False", "False", "False", "False", "False", "955652EA"
"2023-03-27", "Van Houtte Ground Coffee Decaffeinated House Blend 340 g", "340g", "($3.76 per 100g)", "$12.79", "https://voila.ca/products/657846EA/details", "False", "False", "False", "False", "False", "False", "False", "657846EA"
"2023-03-27", "Van Houtte Ground Coffee House Blend Original Medium Roast 908 g", "908g", "($2.59 per 100g)", "$23.49", "https://voila.ca/products/281465EA/details", "False", "False", "False", "False", "False", "False", "False", "281465EA"
"2023-03-27", "Muskoka Organic Ground Coffee Medium Dark 454 g", "454g", "($4.18 per 100g)", "$18.99", "https://voila.ca/products/412020EA/details", "False", "False", "False", "False", "False", "False", "False", "412020EA"
"2023-03-27", "Kicking Horse Organic Whole Bean Coffee Kick Ass Dark Roast 454 g", "454g", "($3.74 per 100g)", "$16.99", "https://voila.ca/products/529102EA/details", "False", "False", "True", "False", "False", "False", "False", "529102EA"
"2023-03-27", "Melitta Whole Bean Coffee Hazelnut Cream 907 g", "907g", "($2.20 per 100g)", "$19.99", "https://voila.ca/products/456801EA/details", "False", "False", "False", "False", "False", "False", "False", "456801EA"
"2023-03-27", "Farm Boy Organic Whole Bean Coffee Breakfast Blend 454 g", "454g", "($3.52 per 100g)", "$15.99", "https://voila.ca/products/827700EA/details", "False", "False", "True", "False", "False", "False", "False", "827700EA"
"2023-03-27", "Starbucks Whole Bean Coffee Breakfast Blend 340 g", "340g", "($3.23 per 100g)", "$10.99", "https://voila.ca/products/464691EA/details", "False", "False", "False", "False", "False", "False", "False", "464691EA"
"2023-03-27", "Starbucks Caffè Verona Whole Bean Coffee 340 g", "340g", "($3.23 per 100g)", "$10.99", "https://voila.ca/products/874545EA/details", "False", "False", "False", "False", "False", "False", "False", "874545EA"
"2023-03-27", "Balzac's Fairtrade Organic Whole Bean Coffee Expresso Blend 340 g", "340g", "($4.41 per 100g)", "$14.99", "https://voila.ca/products/708325EA/details", "False", "True", "True", "False", "False", "False", "False", "708325EA"
"2023-03-27", "Kicking Horse Organic Whole Bean Coffee Three Sisters 454 g", "454g", "($3.74 per 100g)", "$16.99", "https://voila.ca/products/529105EA/details", "False", "False", "True", "False", "False", "False", "False", "529105EA"
"2023-03-27", "Kicking Horse Organic Whole Bean Coffee Grizzley Claw 454 g", "454g", "($3.74 per 100g)", "$16.99", "https://voila.ca/products/156087EA/details", "False", "False", "True", "False", "False", "False", "False", "156087EA"
"2023-03-27", "Van Houtte Whole Beans Coffee Mexico Medium Roast 340 g", "340g", "($4.35 per 100g)", "$14.79", "https://voila.ca/products/256470EA/details", "False", "False", "False", "False", "False", "False", "False", "256470EA"
"2023-03-27", "Farm Boy Organic Whole Bean Coffee Fair Trade French Roast 454 g", "454g", "($3.52 per 100g)", "$15.99", "https://voila.ca/products/827678EA/details", "False", "False", "True", "False", "False", "False", "False", "827678EA"
"2023-03-27", "Lavazza Whole Beans Coffee Rossa Roasted 1 kg", "1kg", "($2.10 per 100g)", "$20.99", "https://voila.ca/products/561806EA/details", "False", "False", "False", "False", "False", "False", "False", "561806EA"
"2023-03-27", "Lavazza Whole Bean Coffee Premium Arabica 1 kg", "1kg", "($2.90 per 100g)", "$28.99", "https://voila.ca/products/286649EA/details", "False", "False", "False", "False", "False", "False", "False", "286649EA"
"2023-03-27", "Muskoka Roastery Black Bear Whole Bean Coffee 400 g", "400g", "($4.25 per 100g)", "$16.99", "https://voila.ca/products/323406EA/details", "False", "False", "False", "False", "False", "False", "False", "323406EA"
"2023-03-27", "Nabob Costa Rica Whole Bean Coffee 300 g", "300g", "($2.50 per 100g)", "$7.49", "https://voila.ca/products/679146EA/details", "False", "False", "False", "False", "False", "False", "False", "679146EA"
"2023-03-27", "Nabob Whole Bean Guatemala Coffee 300 g", "300g", "($2.50 per 100g)", "$7.49", "https://voila.ca/products/679150EA/details", "False", "False", "False", "False", "False", "False", "False", "679150EA"
"2023-03-27", "Starbucks Whole Bean Coffee House Blend 340 g", "340g", "($3.23 per 100g)", "$10.99", "https://voila.ca/products/881818EA/details", "False", "False", "False", "False", "False", "False", "False", "881818EA"
"2023-03-27", "Kicking Horse Organic Whole Bean Coffee Decaf 454 g", "454g", "($3.74 per 100g)", "$16.99", "https://voila.ca/products/156085EA/details", "False", "False", "True", "False", "False", "False", "False", "156085EA"
"2023-03-27", "Melitta Whole Bean Coffee 100% Colombian 907 g", "907g", "($2.20 per 100g)", "$19.99", "https://voila.ca/products/456807EA/details", "False", "False", "False", "False", "False", "False", "False", "456807EA"
"2023-03-27", "Salt Spring Organic Whole Bean Coffee French Roast 400 g", "400g", "($3.75 per 100g)", "$14.99", "https://voila.ca/products/545642EA/details", "False", "False", "True", "False", "False", "False", "False", "545642EA"
"2023-03-27", "Nabob 100% Colombian Whole Bean Coffee 300 g", "300g", "($2.50 per 100g)", "$7.49", "https://voila.ca/products/679154EA/details", "False", "False", "False", "False", "False", "False", "False", "679154EA"
"2023-03-27", "Kicking Horse Organic Whole Bean Coffee Dark Horse Power 454 g", "454g", "($3.74 per 100g)", "$16.99", "https://voila.ca/products/529101EA/details", "False", "False", "True", "False", "False", "False", "False", "529101EA"
"2023-03-27", "Van Houtte Whole Bean Coffee Kenya Signature Dark Roast 312 g", "312g", "($4.74 per 100g)", "$14.79", "https://voila.ca/products/256469EA/details", "False", "False", "False", "False", "False", "False", "False", "256469EA"
"2023-03-27", "Doi Chang Whole Bean Coffee Hardwired 340 g", "340g", "($3.53 per 100g)", "$11.99", "https://voila.ca/products/381815EA/details", "False", "False", "False", "False", "False", "False", "False", "381815EA"
"2023-03-27", "Folgers Whole Bean Coffee Midnight Gold 340 g", "340g", "($3.67 per 100g)", "$12.49", "https://voila.ca/products/410501EA/details", "False", "False", "False", "False", "False", "False", "False", "410501EA"
"2023-03-27", "Ethical Bean Organic Whole Bean Coffee Superdark French Roast 340 g", "340g", "($4.56 per 100g)", "$15.49", "https://voila.ca/products/666505EA/details", "False", "False", "True", "False", "False", "False", "False", "666505EA"
"2023-03-27", "Van Houtte Whole Bean Coffee Colombian Medium Roast 650 g", "650g", "($2.61 per 100g)", "$16.99", "https://voila.ca/products/290926EA/details", "False", "False", "False", "False", "False", "False", "False", "290926EA"
"2023-03-27", "Ethical Bean Organic Whole Bean Coffee Lush Medium Dark Roast 340 g", "340g", "($4.56 per 100g)", "$15.49", "https://voila.ca/products/258240EA/details", "False", "False", "True", "False", "False", "False", "False", "258240EA"
"2023-03-27", "Kicking Horse Organic Whole Bean Coffee Cliff Hanger Espresso Medium Roast 454 g", "454g", "($3.74 per 100g)", "$16.99", "https://voila.ca/products/156083EA/details", "False", "False", "True", "False", "False", "False", "False", "156083EA"
"2023-03-27", "Ethical Bean Organic Whole Bean Coffee Classic Medium Roast 340 g", "340g", "($4.56 per 100g)", "$15.49", "https://voila.ca/products/256790EA/details", "False", "False", "True", "False", "False", "False", "False", "256790EA"
"2023-03-27", "Kicking Horse Organic Whole Bean Coffee Smart Ass Medium Roast 454 g", "454g", "($3.74 per 100g)", "$16.99", "https://voila.ca/products/463490EA/details", "False", "False", "True", "False", "False", "False", "False", "463490EA"
"2023-03-27", "Farm Boy Organic Whole Bean Coffee Fair Trade Decaf 454 g", "454g", "($3.52 per 100g)", "$15.99", "https://voila.ca/products/827710EA/details", "False", "False", "True", "False", "False", "False", "False", "827710EA"
"2023-03-27", "Marley Coffee Whole Bean Coffee One Love Medium Roast 284 g", "284g", "($4.22 per 100g)", "$11.99", "https://voila.ca/products/506687EA/details", "False", "False", "False", "False", "False", "False", "False", "506687EA"
"2023-03-27", "Kicking Horse Organic Whole Bean Coffee Pacific Pipeline 454 g", "454g", "($3.74 per 100g)", "$16.99", "https://voila.ca/products/220437EA/details", "False", "False", "True", "False", "False", "False", "False", "220437EA"
"2023-03-27", "Muskoka Roastery Whole Bean Coffee Howling Wolf 454 g", "454g", "($3.74 per 100g)", "$16.99", "https://voila.ca/products/323405EA/details", "False", "False", "False", "False", "False", "False", "False", "323405EA"
"2023-03-27", "Ethical Bean Organic Whole Bean Coffee Sweet Espresso Medium Dark Roast 340 g", "340g", "($4.56 per 100g)", "$15.49", "https://voila.ca/products/256795EA/details", "False", "False", "True", "False", "False", "False", "False", "256795EA"
"2023-03-27", "Ethical Bean Organic Whole Bean Coffee Bold Dark Roast 340 g", "340g", "($4.56 per 100g)", "$15.49", "https://voila.ca/products/256789EA/details", "False", "False", "True", "False", "False", "False", "False", "256789EA"
"2023-03-27", "Compliments Organic Whole Bean Coffee Espresso Blend 275 g", "275g", "($4.83 per 100g)", "$13.29", "https://voila.ca/products/493610EA/details", "False", "False", "True", "False", "False", "False", "False", "493610EA"
"2023-03-27", "Compliments Organic Whole Bean Coffee 100% Arabica Decaffeinated Dark Roast 275 g", "275g", "($4.83 per 100g)", "$13.29", "https://voila.ca/products/493607EA/details", "False", "False", "True", "False", "False", "False", "False", "493607EA"
"2023-03-27", "Van Houtte Organic Whole Bean Coffee Medium Roast Espresso Dolce Crema 340 g", "340g", "($4.35 per 100g)", "$14.79", "https://voila.ca/products/256657EA/details", "False", "False", "True", "False", "False", "False", "False", "256657EA"
"2023-03-27", "Van Houtte Whole Bean Coffee Colombia Dark Bold & Fruity Intense 312 g", "312g", "($4.74 per 100g)", "$14.79", "https://voila.ca/products/256467EA/details", "False", "False", "False", "False", "False", "False", "False", "256467EA"
"2023-03-27", "Salt Spring Coffee Canopy Bird Medium Dark Roast 400 g", "400g", "($3.75 per 100g)", "$14.99", "https://voila.ca/products/240175EA/details", "False", "False", "True", "False", "False", "False", "False", "240175EA"
"2023-03-27", "Salt Spring Organic Coffee Village Trade Dark Roast 400 g", "400g", "($3.75 per 100g)", "$14.99", "https://voila.ca/products/545643EA/details", "False", "False", "True", "False", "False", "False", "False", "545643EA"
"2023-03-27", "Tim Hortons Whole Bean Coffee Espresso 300 g", "300g", "($3.66 per 100g)", "$10.99", "https://voila.ca/products/936112EA/details", "False", "False", "False", "False", "False", "False", "False", "936112EA"
"2023-03-27", "Doi Chang Whole Bean Coffee Social Medium 340 g", "340g", "($3.53 per 100g)", "$11.99", "https://voila.ca/products/381818EA/details", "False", "False", "False", "False", "False", "False", "False", "381818EA"
"2023-03-27", "Marley Coffee Whole Bean Coffee Lively Up Dark Roast 284 g", "284g", "($4.22 per 100g)", "$11.99", "https://voila.ca/products/506724EA/details", "False", "False", "False", "False", "False", "False", "False", "506724EA"
"2023-03-27", "Ethical Bean Organic Mellow Medium Roast Whole Bean Coffee 340 g", "340g", "($4.56 per 100g)", "$15.49", "https://voila.ca/products/258245EA/details", "False", "False", "True", "False", "False", "False", "False", "258245EA"
"2023-03-27", "Tim Hortons Whole Bean Coffee Light Medium Roast 300 g", "300g", "($3.66 per 100g)", "$10.99", "https://voila.ca/products/577418EA/details", "False", "False", "False", "False", "False", "False", "False", "577418EA"
"2023-03-27", "Ethical Bean Organic Whole Bean Coffee Decaf Dark Roast 340 g", "340g", "($4.56 per 100g)", "$15.49", "https://voila.ca/products/256791EA/details", "False", "False", "True", "False", "False", "False", "False", "256791EA"
"2023-03-27", "Ethical Bean Whole Bean Coffee Medium Roast Exotic 340 g", "340g", "($4.56 per 100g)", "$15.49", "https://voila.ca/products/256793EA/details", "False", "False", "True", "False", "False", "False", "False", "256793EA"
"2023-03-27", "Lavazza Whole Bean Coffee Medium Roast Crema E Aroma 1 kg", "1kg", "($2.50 per 100g)", "$24.99", "https://voila.ca/products/286648EA/details", "False", "False", "False", "False", "False", "False", "False", "286648EA"
"2023-03-27", "Salt Spring Organic Whole Bean Coffee Sumatra Dark Roast 400 g", "400g", "($3.75 per 100g)", "$14.99", "https://voila.ca/products/545644EA/details", "False", "False", "True", "False", "False", "False", "False", "545644EA"
"2023-03-27", "Farm Boy Organic Whole Bean Coffee City Roast 454 g", "454g", "($3.52 per 100g)", "$15.99", "https://voila.ca/products/827695EA/details", "False", "False", "True", "False", "False", "False", "False", "827695EA"
"2023-03-27", "Melitta Espresso Whole Bean Coffee Dark Roast 907 g", "907g", "($2.64 per 100g)", "$23.99", "https://voila.ca/products/456804EA/details", "False", "False", "False", "False", "False", "False", "False", "456804EA"
"2023-03-27", "Kicking Horse Organic Whole Bean Coffee Hola Light Roast 454 g", "454g", "($3.74 per 100g)", "$16.99", "https://voila.ca/products/660379EA/details", "False", "False", "True", "False", "False", "False", "False", "660379EA"
"2023-03-27", "McCafe Whole Bean Coffee Rainforest Medium Dark Roast 900 g", "900g", "($2.67 per 100g)", "$23.99", "https://voila.ca/products/506056EA/details", "True", "False", "False", "False", "False", "False", "False", "506056EA"
"2023-03-27", "McCafé Whole Bean Coffee Rainforest Espresso Dark Roast 300 g", "300g", "($3.66 per 100g)", "$10.99", "https://voila.ca/products/505971EA/details", "False", "False", "False", "False", "False", "False", "False", "505971EA"
"2023-03-27", "Kimbo Whole Coffee Beans Crema Intensa 1000 g", "1kg", "($2.10 per 100g)", "$20.99", "https://voila.ca/products/613011EA/details", "False", "False", "False", "False", "False", "False", "False", "613011EA"
"2023-03-27", "Georgian Bay Coffee Whole Bean Coffee Espresso 340 g", "340g", "($4.11 per 100g)", "$13.99", "https://voila.ca/products/973351EA/details", "False", "False", "False", "False", "False", "False", "False", "973351EA"
"2023-03-27", "Crank Coffee Whole Bean Coffee Get Cranked 340 g", "340g", "($4.50 per 100g)", "$15.29", "https://voila.ca/products/971718EA/details", "False", "False", "False", "False", "False", "False", "False", "971718EA"
"2023-03-27", "Balzac's Coffee Whole Bean Coffee Roasters Blend 340 g", "340g", "($4.41 per 100g)", "$14.99", "https://voila.ca/products/607076EA/details", "False", "False", "False", "False", "False", "False", "False", "607076EA"
"2023-03-27", "Crank Coffee Whole Bean Coffee Crank It Up 340 g", "340g", "($4.50 per 100g)", "$15.29", "https://voila.ca/products/971719EA/details", "False", "False", "False", "False", "False", "False", "False", "971719EA"
"2023-03-27", "Crank Coffee Whole Bean Coffee 5ieme Vitesse Espresso 340 g", "340g", "($4.50 per 100g)", "$15.29", "https://voila.ca/products/971722EA/details", "False", "False", "False", "False", "False", "False", "False", "971722EA"
"2023-03-27", "Crank Coffee Whole Bean Coffee Cranky Pants Dark Roast 340 g", "340g", "($4.50 per 100g)", "$15.29", "https://voila.ca/products/971778EA/details", "False", "False", "False", "False", "False", "False", "False", "971778EA"
"2023-03-27", "Georgian Bay Coffee Whole Bean Coffee Dark Roast 340 g", "340g", "($4.11 per 100g)", "$13.99", "https://voila.ca/products/973346EA/details", "False", "False", "False", "False", "False", "False", "False", "973346EA"
"2023-03-27", "Georgian Bay Coffee Whole Bean Coffee Medium Roast 340 g", "340g", "($4.11 per 100g)", "$13.99", "https://voila.ca/products/973337EA/details", "False", "False", "False", "False", "False", "False", "False", "973337EA"
"2023-03-27", "Crank Coffee Whole Bean Coffee Morning Glory Medium Dark Roast 340 g", "340g", "($4.50 per 100g)", "$15.29", "https://voila.ca/products/971721EA/details", "False", "False", "False", "False", "False", "False", "False", "971721EA"
"2023-03-27", "Balzac's Coffee Roasters Coffee Beans A Dark Affair 340 g", "340g", "($4.41 per 100g)", "$14.99", "https://voila.ca/products/607068EA/details", "False", "False", "False", "False", "False", "False", "False", "607068EA"
"2023-03-27", "Lavazza Coffee Beans Tierra Organic 1 kg", "1kg", "($2.40 per 100g)", "$23.99", "https://voila.ca/products/404338EA/details", "False", "False", "True", "False", "False", "False", "False", "404338EA"
"2023-03-27", "Starbucks Caffe Verona Whole Bean Coffee Dark Roast 907 g", "907g", "($2.87 per 100g)", "$25.99", "https://voila.ca/products/652387EA/details", "False", "False", "False", "False", "False", "False", "False", "652387EA"
"2023-03-27", "Just Us Whole Bean Coffee Roasters Breaking the Silence 340 g", "340g", "($4.26 per 100g)", "$14.49", "https://voila.ca/products/614139EA/details", "False", "False", "False", "False", "False", "False", "False", "614139EA"
"2023-03-27", "Kicking Horse Organic Whole Bean Coffee Z-Wrangler 454 g", "454g", "($3.74 per 100g)", "$16.99", "https://voila.ca/products/156082EA/details", "False", "False", "True", "False", "False", "False", "False", "156082EA"
"2023-03-27", "Kicking Horse Organic Whole Bean Coffee Hoodoo Jo 454 g", "454g", "($3.74 per 100g)", "$16.99", "https://voila.ca/products/167269EA/details", "False", "False", "True", "False", "False", "False", "False", "167269EA"
"2023-03-27", "Folgers Coffee Whole Bean 1850 Columbian Light Roast 340 g", "340g", "($3.67 per 100g)", "$12.49", "https://voila.ca/products/837478EA/details", "False", "False", "False", "False", "False", "False", "False", "837478EA"
"2023-03-27", "Starbucks Specialty Espresso Whole Bean Coffee Dark Roast 907 g", "907g", "($2.87 per 100g)", "$25.99", "https://voila.ca/products/652389EA/details", "False", "False", "False", "False", "False", "False", "False", "652389EA"
"2023-03-27", "McCafé Whole Bean Coffee Organic Dark Roast 300 g", "300g", "($3.66 per 100g)", "$10.99", "https://voila.ca/products/968427EA/details", "False", "False", "False", "False", "False", "False", "False", "968427EA"
"2023-03-27", "Kicking Horse Organic Coffee Beans Smart Ass 1 kg", "1kg", "($3.70 per 100g)", "$36.99", "https://voila.ca/products/607568EA/details", "False", "False", "True", "False", "False", "False", "False", "607568EA"
"2023-03-27", "Kicking Horse Organic Whole Beans Coffee Cliff Hanger Espresso 1 kg", "1kg", "($3.70 per 100g)", "$36.99", "https://voila.ca/products/609876EA/details", "False", "False", "True", "False", "False", "False", "False", "609876EA"
"2023-03-27", "Kicking Horse Organic Whole Bean Coffee Lucky Jim Medium 454 g", "454g", "($3.74 per 100g)", "$16.99", "https://voila.ca/products/785264EA/details", "False", "False", "True", "False", "False", "False", "False", "785264EA"
"2023-03-27", "Starbucks Pike Place Whole Bean Coffee Medium Roast Chocolate Toasted Nuts 907 g", "907g", "($2.87 per 100g)", "$25.99", "https://voila.ca/products/652392EA/details", "False", "False", "False", "False", "False", "False", "False", "652392EA"
"2023-03-27", "Kicking Horse Organic Whole Beans Coffee Lucky Jim Medium Roast 1 kg", "1kg", "($3.70 per 100g)", "$36.99", "https://voila.ca/products/692558EA/details", "False", "False", "True", "False", "False", "False", "False", "692558EA"
"2023-03-27", "Compliments Whole Bean Coffee 100% Colombian Medium Roast 907 g", "907g", "($1.98 per 100g)", "$17.99", "https://voila.ca/products/758391EA/details", "False", "False", "False", "False", "False", "False", "False", "758391EA"
"2023-03-27", "Compliments Coffee Whole Bean Bold Blend 907 g", "907g", "($1.98 per 100g)", "$17.99", "https://voila.ca/products/758392EA/details", "False", "False", "False", "False", "False", "False", "False", "758392EA"
"2023-03-27", "Compliments Coffee Whole Bean Breakfast Blend 907 g", "907g", "($1.98 per 100g)", "$17.99", "https://voila.ca/products/758393EA/details", "False", "False", "False", "False", "False", "False", "False", "758393EA"
"2023-03-27", "Tim Hortons Coffee Pods Original Blend Medium Roast 30 K-Cups 315 g", "30 per pack", "($0.82 per item)", "$24.49", "https://voila.ca/products/955391EA/details", "False", "False", "False", "False", "False", "False", "False", "955391EA"
"2023-03-27", "Folgers Coffee Caramel Drizzle 12 K-Cups 108 g", "12 x 9g", "($9.25 per 100g)", "$9.99", "https://voila.ca/products/308998EA/details", "False", "False", "False", "False", "False", "False", "False", "308998EA"
"2023-03-27", "Folgers Coffee Pods Gourmet Hazelnut Cream 12 K-Cups 108 g", "12 x 9g", "($9.25 per 100g)", "$9.99", "https://voila.ca/products/399212EA/details", "False", "False", "False", "False", "False", "False", "False", "399212EA"
"2023-03-27", "Tim Hortons Coffee Pods Dark Roast 30 K-Cups 315 g", "30 per pack", "($0.82 per item)", "$24.49", "https://voila.ca/products/955393EA/details", "False", "False", "False", "False", "False", "False", "False", "955393EA"
"2023-03-27", "Folgers Coffee Pods Vanilla Biscotti 12 K-Cups 108 g", "108g", "($9.25 per 100g)", "$9.99", "https://voila.ca/products/286333EA/details", "False", "False", "False", "False", "False", "False", "False", "286333EA"
"2023-03-27", "Tim Hortons Coffee Pods Colombian Medium Dark Roast 30 K-Cups 315 g", "30 per pack", "($0.82 per item)", "$24.49", "https://voila.ca/products/955392EA/details", "False", "False", "False", "False", "False", "False", "False", "955392EA"
"2023-03-27", "Folgers Coffee Pods Lively Colombian Medium Roast 30 K-Cups 270 g", "270g", "($7.77 per 100g)", "$20.99", "https://voila.ca/products/461389EA/details", "False", "False", "False", "False", "False", "False", "False", "461389EA"
"2023-03-27", "One Coffee Organic Colombian Blend 12 K-Cups 132 g", "132g", "($6.81 per 100g)", "$8.99", "https://voila.ca/products/372364EA/details", "False", "False", "True", "False", "False", "False", "False", "372364EA"
"2023-03-27", "Starbucks Coffee Pods Pike Place Medium Roast 10 K-Cups 125 g", "10 per pack", "($1.10 per item)", "$10.99", "https://voila.ca/products/302957EA/details", "False", "False", "False", "False", "False", "False", "False", "302957EA"
"2023-03-27", "Muskoka Roastery Coffee Black Bear Dark Roast 20 K-Cups 220 g", "20 x 11g", "($9.31 per 100g)", "$20.49", "https://voila.ca/products/679796EA/details", "False", "True", "False", "False", "False", "False", "False", "679796EA"
"2023-03-27", "Starbucks Coffee Pods Pike Place Smooth & Balanced Medium Roast 24 K-Cups 300 g", "24 per pack", "($1.08 per item)", "$25.99", "https://voila.ca/products/818746EA/details", "False", "False", "False", "False", "False", "False", "False", "818746EA"
"2023-03-27", "Farm Boy Organic Coffee French Roast 24 K-Cups 240 g", "240g", "($7.91 per 100g)", "$18.99", "https://voila.ca/products/826769EA/details", "False", "False", "True", "False", "False", "False", "False", "826769EA"
"2023-03-27", "Lavazza Coffee Pods Decaffeinated Ricco Espresso Nespresso Coffee 10 x 5 g", "50g", "($13.98 per 100g)", "$6.99", "https://voila.ca/products/903361EA/details", "False", "False", "False", "False", "False", "False", "False", "903361EA"
"2023-03-27", "One Coffee French Roast Coffee Cups 132 g", "132g", "($6.81 per 100g)", "$8.99", "https://voila.ca/products/372385EA/details", "False", "False", "False", "False", "False", "False", "False", "372385EA"
"2023-03-27", "Starbucks Coffee Pods Decaf House Blend 10 K-Cups 120 g", "10 per pack", "($1.10 per item)", "$10.99", "https://voila.ca/products/323176EA/details", "False", "False", "False", "False", "False", "False", "False", "323176EA"
"2023-03-27", "Starbucks Coffee Pods True North Blend K-Cups 24 EA", "24 per pack", "($1.08 per item)", "$25.99", "https://voila.ca/products/678812EA/details", "False", "False", "False", "False", "False", "False", "False", "678812EA"
"2023-03-27", "Starbucks Coffee Pods Caffè Verona Dark Roast 24 K-Cups 288 g", "24 per pack", "($1.08 per item)", "$25.99", "https://voila.ca/products/818759EA/details", "False", "False", "False", "False", "False", "False", "False", "818759EA"
"2023-03-27", "Farm Boy Organic Coffee Decaf 24 K-Cups 240 g", "240g", "($7.91 per 100g)", "$18.99", "https://voila.ca/products/826767EA/details", "False", "False", "True", "False", "False", "False", "False", "826767EA"
"2023-03-27", "Muskoka Roastery Coffee Loon Call Breakfast Blend 20 K-Cup 230 g", "20 x 11.5g", "($8.91 per 100g)", "$20.49", "https://voila.ca/products/679794EA/details", "False", "True", "False", "False", "False", "False", "False", "679794EA"
"2023-03-27", "Nescafé Rich Coffee Pods Original Blend Capsules 30 x 10.5 g", "30 x 10.5g", "($5.97 per 100g)", "$18.79", "https://voila.ca/products/941999EA/details", "False", "False", "False", "False", "False", "False", "False", "941999EA"
"2023-03-27", "Tassimo Tim Hortons Decafe Coffee Pods 14 T-Discs 123 g", "14 x 8.786g", "($8.93 per 100g)", "$10.99", "https://voila.ca/products/858648EA/details", "False", "False", "False", "False", "False", "False", "False", "858648EA"
"2023-03-27", "McCafé Premium Coffee Pods Medium Dark Roast 30 K Cups 323 g", "323g", "($7.43 per 100g)", "$23.99", "https://voila.ca/products/505985EA/details", "True", "False", "False", "False", "False", "False", "False", "505985EA"
"2023-03-27", "Nescafé Gold Coffee Pods Dark Roast 12 Capsules x 9 g", "108g", "($9.71 per 100g)", "$10.49", "https://voila.ca/products/756259EA/details", "False", "False", "False", "False", "False", "False", "False", "756259EA"
"2023-03-27", "Tim Hortons Tassimo Original Blend Coffee 14 T Discs 123 g", "14 per pack", "($0.79 per item)", "$10.99", "https://voila.ca/products/858647EA/details", "False", "False", "False", "False", "False", "False", "False", "858647EA"
"2023-03-27", "Tim Hortons Coffee Pods Bold Roast Dark 12 K-Cups 126 g", "12 per pack", "($1.00 per item)", "$11.99", "https://voila.ca/products/675981EA/details", "False", "False", "False", "False", "False", "False", "False", "675981EA"
"2023-03-27", "Marley Ground Coffee Medium-Dark Roast Buffalo Soldier 284 g", "284g", "($4.22 per 100g)", "$11.99", "https://voila.ca/products/506680EA/details", "False", "False", "False", "False", "False", "False", "False", "506680EA"
"2023-03-27", "Lavazza Gran Selezione Dark Roast Coffee Pods 12 K-Cups 119 g", "119g", "($11.34 per 100g)", "$13.49", "https://voila.ca/products/483912EA/details", "False", "False", "False", "False", "False", "False", "False", "483912EA"
"2023-03-27", "One Coffee Decaffeinated Dark Roast Coffee K-Cups 12 Pods", "132g", "($6.81 per 100g)", "$8.99", "https://voila.ca/products/372363EA/details", "False", "False", "False", "False", "False", "False", "False", "372363EA"
"2023-03-27", "Tassimo Nabob Coffee Pods Single Serve T-Discs Espresso 14 x 110 g", "110g", "($10.72 per 100g)", "$11.79", "https://voila.ca/products/303849EA/details", "False", "False", "False", "False", "False", "False", "False", "303849EA"
"2023-03-27", "Tassimo Nabob Coffee Pods Bold Midnight Eclipse Extra Large Serve 12 T-Discs 153 g", "153g", "($7.71 per 100g)", "$11.79", "https://voila.ca/products/375643EA/details", "False", "False", "False", "False", "False", "False", "False", "375643EA"
"2023-03-27", "Marley Coffee Medium-Dark Roast Buffalo Soldier Coffee 24 K-Cups 264 g", "264g", "($6.81 per 100g)", "$17.99", "https://voila.ca/products/506612EA/details", "True", "False", "False", "False", "False", "False", "False", "506612EA"
"2023-03-27", "Folgers Coffee Pods Lively Colombian Medium Roast 12 K-Cups 108 g", "108g", "($9.25 per 100g)", "$9.99", "https://voila.ca/products/286331EA/details", "False", "False", "False", "False", "False", "False", "False", "286331EA"
"2023-03-27", "Folgers Gourmet Coffee Classic Roast 12 K-Cups 96 g", "96g", "($10.41 per 100g)", "$9.99", "https://voila.ca/products/320699EA/details", "False", "False", "False", "False", "False", "False", "False", "320699EA"
"2023-03-27", "Tassimo Gevalia Coffee Pods Single Serve T-Discs Dark House Blend Bold 148 g", "148g", "($7.43 per 100g)", "$10.99", "https://voila.ca/products/286767EA/details", "False", "False", "False", "False", "False", "False", "False", "286767EA"
"2023-03-27", "Tassimo Maxwell House Coffee Rich Dark Roast Single 14 x 109 g", "109g", "($9.90 per 100g)", "$10.79", "https://voila.ca/products/360657EA/details", "False", "False", "False", "False", "False", "False", "False", "360657EA"
"2023-03-27", "Muskoka Roastery Coffee Muskoka Maple 20 Keurig Compatible Pods 220 g", "20 x 11g", "($9.31 per 100g)", "$20.49", "https://voila.ca/products/679798EA/details", "False", "True", "False", "False", "False", "False", "False", "679798EA"
"2023-03-27", "Tassimo Nabob Coffee Pods Café Crema 14 T-Discs 110 g", "110g", "($10.72 per 100g)", "$11.79", "https://voila.ca/products/243181EA/details", "False", "False", "False", "False", "False", "False", "False", "243181EA"
"2023-03-27", "Starbucks Blonde Espresso Ground Coffee Nespresso Blonde Roast 10 Pods 53 g", "53g", "($18.85 per 100g)", "$9.99", "https://voila.ca/products/518092EA/details", "False", "False", "False", "False", "False", "False", "False", "518092EA"
"2023-03-27", "Van Houtte Coffee Pods French Vanilla Light Roast 12 K-Cups 120 g", "120g", "($10.41 per 100g)", "$12.49", "https://voila.ca/products/260304EA/details", "False", "False", "False", "False", "False", "False", "False", "260304EA"
"2023-03-27", "Maxwell House Original Roast Coffee 100% Compostable 12 Pods 114 g", "114g", "($8.32 per 100g)", "$9.49", "https://voila.ca/products/651142EA/details", "False", "False", "False", "False", "False", "False", "False", "651142EA"
"2023-03-27", "Starbucks Coffee Pods Ground Coffee French Roast 10 K-Cups 120 g", "10 per pack", "($1.10 per item)", "$10.99", "https://voila.ca/products/302956EA/details", "False", "False", "False", "False", "False", "False", "False", "302956EA"
"2023-03-27", "One Coffee Breakfast Blend Coffee Cups 12 K-Cups 132 g", "132g", "($6.81 per 100g)", "$8.99", "https://voila.ca/products/372358EA/details", "False", "False", "False", "False", "False", "False", "False", "372358EA"
"2023-03-27", "Tassimo Nabob Coffee Pods Breakfast Blend Extra Large Serve 14 T-Discs 123 g", "123g", "($9.59 per 100g)", "$11.79", "https://voila.ca/products/197118EA/details", "False", "False", "False", "False", "False", "False", "False", "197118EA"
"2023-03-27", "Starbucks Coffee Pods Caffè Verona Dark Roast 10 K-Cups 120 g", "120g", "($9.16 per 100g)", "$10.99", "https://voila.ca/products/323181EA/details", "False", "False", "False", "False", "False", "False", "False", "323181EA"
"2023-03-27", "Van Houtte Coffee Pods Light Roast Vanilla Hazelnut 12 K-Cups 120 g", "120g", "($10.41 per 100g)", "$12.49", "https://voila.ca/products/257602EA/details", "False", "False", "False", "False", "False", "False", "False", "257602EA"
"2023-03-27", "Starbucks Coffee Pods Caramel Flavoured K-Cups 10 Pods", "10 per pack", "($1.10 per item)", "$10.99", "https://voila.ca/products/363912EA/details", "False", "False", "False", "False", "False", "False", "False", "363912EA"
"2023-03-27", "Starbucks Coffee Pods House Blend Medium Roast 10 K-Cups 120 g", "10 per pack", "($1.10 per item)", "$10.99", "https://voila.ca/products/302954EA/details", "False", "False", "False", "False", "False", "False", "False", "302954EA"
"2023-03-27", "Starbucks Coffee Pods True North Blend 10 K-Cups 120 g", "10 per pack", "($1.10 per item)", "$10.99", "https://voila.ca/products/302953EA/details", "False", "False", "False", "False", "False", "False", "False", "302953EA"
"2023-03-27", "Tassimo Maxwell House Coffee Pods House Blend Single 16 T-Discs 126 g", "126g", "($8.56 per 100g)", "$10.79", "https://voila.ca/products/503382EA/details", "True", "False", "False", "False", "False", "False", "False", "503382EA"
"2023-03-27", "Lavazza Coffee Pods Avvolgente Lungo Nespresso 10 Original Capsules 55 g", "55g", "($12.71 per 100g)", "$6.99", "https://voila.ca/products/903366EA/details", "False", "False", "False", "False", "False", "False", "False", "903366EA"
"2023-03-27", "Tassimo Maxwell House Coffee Pods Morning Blend Serve T-Discs Extra Large 123 g", "123g", "($8.77 per 100g)", "$10.79", "https://voila.ca/products/359363EA/details", "False", "False", "False", "False", "False", "False", "False", "359363EA"
"2023-03-27", "Maxwell House House Blend Coffee Pods 117 g", "117g", "($8.11 per 100g)", "$9.49", "https://voila.ca/products/377709EA/details", "True", "False", "False", "False", "False", "False", "False", "377709EA"
"2023-03-27", "Tassimo Carte Noire Coffee Pods Americano Single Serve 14 T-Discs 114 g", "114g", "($10.34 per 100g)", "$11.79", "https://voila.ca/products/344599EA/details", "False", "False", "False", "False", "False", "False", "False", "344599EA"
"2023-03-27", "Muskoka Roastery Coffee Co Coffee Pods Howling Wolf 20 K-Cups 220 g", "20 x 11g", "($9.31 per 100g)", "$20.49", "https://voila.ca/products/679791EA/details", "False", "True", "False", "False", "False", "False", "False", "679791EA"
"2023-03-27", "Folgers Coffee Pods Black Silk Dark Roast 12 K-Cups 96 g", "96g", "($10.41 per 100g)", "$9.99", "https://voila.ca/products/286335EA/details", "False", "False", "False", "False", "False", "False", "False", "286335EA"
"2023-03-27", "Marley One Love Medium Roast Coffee Pods 24 K-Cups 264 g", "264g", "($6.81 per 100g)", "$17.99", "https://voila.ca/products/506627EA/details", "True", "False", "False", "False", "False", "False", "False", "506627EA"
"2023-03-27", "One Coffee Ethiopian Coffee Cups 12 Coffee Pods", "132g", "($6.81 per 100g)", "$8.99", "https://voila.ca/products/372374EA/details", "False", "False", "False", "False", "False", "False", "False", "372374EA"
"2023-03-27", "Starbucks Coffee Pods Sumatra Dark Roast Single-Origin 10 K-Cups 120 g", "10 per pack", "($1.10 per item)", "$10.99", "https://voila.ca/products/302955EA/details", "False", "False", "False", "False", "False", "False", "False", "302955EA"
"2023-03-27", "Nescafé Coffee Pods Gold Origins Colombia 30 Capsules 315 g", "30 x 10.5g", "($6.35 per 100g)", "$19.99", "https://voila.ca/products/942052EA/details", "False", "False", "False", "False", "False", "False", "False", "942052EA"
"2023-03-27", "Tassimo Gevalia Coffee Pods Single Serve Dark Italian Roast 12 x 166 g", "166g", "($6.62 per 100g)", "$10.99", "https://voila.ca/products/286807EA/details", "False", "False", "False", "False", "False", "False", "False", "286807EA"
"2023-03-27", "Starbucks Ground Coffee Decaf Espresso Nespresso 10 Pods 57 g", "57g", "($17.53 per 100g)", "$9.99", "https://voila.ca/products/518117EA/details", "False", "False", "False", "False", "False", "False", "False", "518117EA"
"2023-03-27", "Tim Hortons Coffee Pods Decaffeinated Medium Roast 30 K-Cups 315 g", "30 per pack", "($0.82 per item)", "$24.49", "https://voila.ca/products/955685EA/details", "False", "False", "False", "False", "False", "False", "False", "955685EA"
"2023-03-27", "Starbucks Pike Place Roast Nespresso Ground Coffee Chocolate & Toasted Nuts 10 Pods x 53 g", "53g", "($18.85 per 100g)", "$9.99", "https://voila.ca/products/517961EA/details", "False", "False", "False", "False", "False", "False", "False", "517961EA"
"2023-03-27", "Tim Hortons Coffee Pods Variety Pack 30 K-Cups 312 g", "30 per pack", "($0.82 per item)", "$24.49", "https://voila.ca/products/955686EA/details", "False", "False", "False", "False", "False", "False", "False", "955686EA"
"2023-03-27", "Ethical Bean Superdark Single Serve Coffee Pods Dark Roast 132 g", "132g", "($9.31 per 100g)", "$12.29", "https://voila.ca/products/679873EA/details", "False", "False", "False", "False", "False", "False", "False", "679873EA"
"2023-03-27", "Tim Hortons Coffee Pods French Vanilla 12 K-Cups 120 g", "12 per pack", "($1.00 per item)", "$11.99", "https://voila.ca/products/675983EA/details", "False", "False", "False", "False", "False", "False", "False", "675983EA"
"2023-03-27", "Caffe Mauro Cento Coffee Beans 10 Nespresso Capsules 56 g", "56g", "($23.20 per 100g)", "$12.99", "https://voila.ca/products/533935EA/details", "False", "False", "False", "False", "False", "False", "False", "533935EA"
"2023-03-27", "Tassimo Nabob Coffee Pods 100% Colombian 14 T-Discs 110 g", "110g", "($10.72 per 100g)", "$11.79", "https://voila.ca/products/503312EA/details", "False", "False", "False", "False", "False", "False", "False", "503312EA"
"2023-03-27", "Tim Hortons Coffee Pods Cappuccino French Vanilla 10 K-Cups 148 g", "10 per pack", "($1.20 per item)", "$11.99", "https://voila.ca/products/390132EA/details", "False", "False", "False", "False", "False", "False", "False", "390132EA"
"2023-03-27", "Farm Boy Organic Coffee Breakfast Blend 24 K-Cups 240 g", "240g", "($7.91 per 100g)", "$18.99", "https://voila.ca/products/826766EA/details", "False", "False", "True", "False", "False", "False", "False", "826766EA"
"2023-03-27", "Starbucks Nespresso Coffee Pods Espresso Roast 10 Pods 57 g", "57g", "($17.53 per 100g)", "$9.99", "https://voila.ca/products/518001EA/details", "False", "False", "False", "False", "False", "False", "False", "518001EA"
"2023-03-27", "Marley Coffee Lively Up Dark Roast Coffee 12 Count 132 g", "132g", "($7.57 per 100g)", "$9.99", "https://voila.ca/products/506646EA/details", "True", "False", "False", "False", "False", "False", "False", "506646EA"
"2023-03-27", "Ethical Bean Lush Single Serve Coffee Pods Medium Dark Roast 132 g", "132g", "($9.31 per 100g)", "$12.29", "https://voila.ca/products/679872EA/details", "False", "False", "False", "False", "False", "False", "False", "679872EA"
"2023-03-27", "Lavazza Ground Coffee Pods Leggero Lungo Nespresso 10 x 5,5 g", "55g", "($12.71 per 100g)", "$6.99", "https://voila.ca/products/903403EA/details", "False", "False", "False", "False", "False", "False", "False", "903403EA"
"2023-03-27", "Tassimo Nabob Coffee Pods Cappuccino Single Serve 8 T-Discs 263 g", "263g", "($4.48 per 100g)", "$11.79", "https://voila.ca/products/680142EA/details", "False", "False", "False", "False", "False", "False", "False", "680142EA"
"2023-03-27", "One Coffee Organic Variety 12 Coffee Pods 32 g", "132g", "($6.81 per 100g)", "$8.99", "https://voila.ca/products/372398EA/details", "False", "False", "True", "False", "False", "False", "False", "372398EA"
"2023-03-27", "Farm Boy Organic Coffee City Roast 24 K-Cups 240 g", "240g", "($7.91 per 100g)", "$18.99", "https://voila.ca/products/826715EA/details", "False", "False", "True", "False", "False", "False", "False", "826715EA"
"2023-03-27", "Van Houtte Coffee Pods Colombian Medium Roast 12 K-Cups 114 g", "114g", "($10.96 per 100g)", "$12.49", "https://voila.ca/products/257598EA/details", "False", "False", "False", "False", "False", "False", "False", "257598EA"
"2023-03-27", "Maxwell House 100% Compostable Coffee Pods Morning Blend 12 Pods 114 g", "114g", "($8.32 per 100g)", "$9.49", "https://voila.ca/products/759045EA/details", "True", "False", "False", "False", "False", "False", "False", "759045EA"
"2023-03-27", "Tassimo Carte Noire Coffee Pods Long Espresso Single Serve 14 T-Discs 110 g", "110g", "($10.72 per 100g)", "$11.79", "https://voila.ca/products/295360EA/details", "False", "False", "False", "False", "False", "False", "False", "295360EA"
"2023-03-27", "Lavazza Coffee Pods Armonico Espresso Nespresso 10 Capsules 50 g", "50g", "($13.98 per 100g)", "$6.99", "https://voila.ca/products/903337EA/details", "False", "False", "False", "False", "False", "False", "False", "903337EA"
"2023-03-27", "Tassimo Nabob Bold Gastown Grind Coffee Single Serve T-Discs", "153g", "($7.71 per 100g)", "$11.79", "https://voila.ca/products/375638EA/details", "False", "False", "False", "False", "False", "False", "False", "375638EA"
"2023-03-27", "Van Houtte Coffee Pods Colombian Dark Roast 12 K-Cups 105 g", "105g", "($11.90 per 100g)", "$12.49", "https://voila.ca/products/260302EA/details", "False", "False", "False", "False", "False", "False", "False", "260302EA"
